<record><leader>00000cas a22000007a 4500</leader><controlfield tag="001">17473642</controlfield><controlfield tag="008">880215d19841987txuwr ne      0    0eng d</controlfield><datafield ind1=" " ind2=" " tag="010"><subfield code="a">sn 88083276 </subfield></datafield><datafield ind1=" " ind2=" " tag="040"><subfield code="a">PPM</subfield><subfield code="b">eng</subfield><subfield code="c">PPM</subfield><subfield code="d">NSD</subfield><subfield code="d">OCLCQ</subfield></datafield><datafield ind1=" " ind2=" " tag="042"><subfield code="a">msc</subfield></datafield><datafield ind1="0" ind2="4" tag="245"><subfield code="a">The Burnet highlander.</subfield></datafield><datafield ind1="1" ind2="3" tag="246"><subfield code="a">Highlander</subfield></datafield><datafield ind1=" " ind2=" " tag="260"><subfield code="a">Marble Falls, Tex. :</subfield><subfield code="b">Highland Pub. Co.</subfield></datafield><datafield ind1=" " ind2=" " tag="310"><subfield code="a">Weekly</subfield></datafield><datafield ind1="0" ind2=" " tag="362"><subfield code="a">Vol. 25, no. 30 (Jan. 5, 1984)-v. 28, no. (Mar. 17, 1987).</subfield></datafield><datafield ind1=" " ind2=" " tag="752"><subfield code="a">United States</subfield><subfield code="b">Texas</subfield><subfield code="c">Burnet</subfield><subfield code="d">Burnet.</subfield></datafield><datafield ind1=" " ind2=" " tag="752"><subfield code="a">United States</subfield><subfield code="b">Texas</subfield><subfield code="c">Burnet</subfield><subfield code="d">Marble Falls.</subfield></datafield><datafield ind1="0" ind2="0" tag="780"><subfield code="t">Highlander (Marble Falls, Tex.)</subfield><subfield code="w">(DLC)sn 86089914</subfield></datafield><datafield ind1="0" ind2="0" tag="785"><subfield code="t">Highlander (Marble Falls, Tex. : 1987)</subfield><subfield code="x">1084-5410</subfield><subfield code="w">(DLC)sn 88083001</subfield></datafield></record>